%YAML 1.1
%TAG !u! tag:unity3d.com,2011:
--- !u!1 &3415106561510569778
GameObject:
  m_ObjectHideFlags: 0
  m_CorrespondingSourceObject: {fileID: 0}
  m_PrefabInstance: {fileID: 0}
  m_PrefabAsset: {fileID: 0}
  serializedVersion: 6
  m_Component:
  - component: {fileID: 3415106561510927122}
  - component: {fileID: 3415106561507502898}
  - component: {fileID: 3415106561508633074}
  - component: {fileID: 6957466221561804075}
  - component: {fileID: 8951026957279271353}
  - component: {fileID: 6630611277498994261}
  - component: {fileID: 3494033505345361170}
  - component: {fileID: -1858223162909666777}
  m_Layer: 0
  m_Name: BossPlane_1
  m_TagString: Enemy
  m_Icon: {fileID: 0}
  m_NavMeshLayer: 0
  m_StaticEditorFlags: 0
  m_IsActive: 1
--- !u!4 &3415106561510927122
Transform:
  m_ObjectHideFlags: 0
  m_CorrespondingSourceObject: {fileID: 0}
  m_PrefabInstance: {fileID: 0}
  m_PrefabAsset: {fileID: 0}
  m_GameObject: {fileID: 3415106561510569778}
  m_LocalRotation: {x: 0, y: 0, z: 0, w: 1}
  m_LocalPosition: {x: 0, y: 0, z: 3.84}
  m_LocalScale: {x: 1, y: 1, z: 1}
  m_Children:
  - {fileID: 391406880990159407}
  m_Father: {fileID: 0}
  m_RootOrder: 0
  m_LocalEulerAnglesHint: {x: 0, y: 0, z: 0}
--- !u!33 &3415106561507502898
MeshFilter:
  m_ObjectHideFlags: 0
  m_CorrespondingSourceObject: {fileID: 0}
  m_PrefabInstance: {fileID: 0}
  m_PrefabAsset: {fileID: 0}
  m_GameObject: {fileID: 3415106561510569778}
  m_Mesh: {fileID: 4300000, guid: f2c4b0a3ea2c9244cac7e1c9a14f69aa, type: 3}
--- !u!23 &3415106561508633074
MeshRenderer:
  m_ObjectHideFlags: 0
  m_CorrespondingSourceObject: {fileID: 0}
  m_PrefabInstance: {fileID: 0}
  m_PrefabAsset: {fileID: 0}
  m_GameObject: {fileID: 3415106561510569778}
  m_Enabled: 1
  m_CastShadows: 1
  m_ReceiveShadows: 1
  m_DynamicOccludee: 1
  m_MotionVectors: 1
  m_LightProbeUsage: 0
  m_ReflectionProbeUsage: 1
  m_RayTracingMode: 2
  m_RenderingLayerMask: 1
  m_RendererPriority: 0
  m_Materials:
  - {fileID: 2100000, guid: f9063a172dec5824f87a148932421f2d, type: 2}
  m_StaticBatchInfo:
    firstSubMesh: 0
    subMeshCount: 0
  m_StaticBatchRoot: {fileID: 0}
  m_ProbeAnchor: {fileID: 0}
  m_LightProbeVolumeOverride: {fileID: 0}
  m_ScaleInLightmap: 1
  m_ReceiveGI: 1
  m_PreserveUVs: 0
  m_IgnoreNormalsForChartDetection: 0
  m_ImportantGI: 0
  m_StitchLightmapSeams: 1
  m_SelectedEditorRenderState: 3
  m_MinimumChartSize: 4
  m_AutoUVMaxDistance: 0.5
  m_AutoUVMaxAngle: 89
  m_LightmapParameters: {fileID: 0}
  m_SortingLayerID: 0
  m_SortingLayer: 0
  m_SortingOrder: 0
--- !u!65 &6957466221561804075
BoxCollider:
  m_ObjectHideFlags: 0
  m_CorrespondingSourceObject: {fileID: 0}
  m_PrefabInstance: {fileID: 0}
  m_PrefabAsset: {fileID: 0}
  m_GameObject: {fileID: 3415106561510569778}
  m_Material: {fileID: 0}
  m_IsTrigger: 1
  m_Enabled: 1
  serializedVersion: 2
  m_Size: {x: 5.6825943, y: 0.5714927, z: 1.169038}
  m_Center: {x: 0.01386261, y: 0.53361917, z: -0.4396075}
--- !u!65 &8951026957279271353
BoxCollider:
  m_ObjectHideFlags: 0
  m_CorrespondingSourceObject: {fileID: 0}
  m_PrefabInstance: {fileID: 0}
  m_PrefabAsset: {fileID: 0}
  m_GameObject: {fileID: 3415106561510569778}
  m_Material: {fileID: 0}
  m_IsTrigger: 1
  m_Enabled: 1
  serializedVersion: 2
  m_Size: {x: 1.1057026, y: 0.66777086, z: 4.958763}
  m_Center: {x: -0.01850164, y: 0.58175826, z: -0.14840877}
--- !u!114 &6630611277498994261
MonoBehaviour:
  m_ObjectHideFlags: 0
  m_CorrespondingSourceObject: {fileID: 0}
  m_PrefabInstance: {fileID: 0}
  m_PrefabAsset: {fileID: 0}
  m_GameObject: {fileID: 3415106561510569778}
  m_Enabled: 1
  m_EditorHideFlags: 0
  m_Script: {fileID: 11500000, guid: 0f3eef9501864419fb7b56bd4478aac7, type: 3}
  m_Name: 
  m_EditorClassIdentifier: 
  speed: 1.5
--- !u!54 &3494033505345361170
Rigidbody:
  m_ObjectHideFlags: 0
  m_CorrespondingSourceObject: {fileID: 0}
  m_PrefabInstance: {fileID: 0}
  m_PrefabAsset: {fileID: 0}
  m_GameObject: {fileID: 3415106561510569778}
  serializedVersion: 2
  m_Mass: 1
  m_Drag: 0
  m_AngularDrag: 0
  m_UseGravity: 0
  m_IsKinematic: 0
  m_Interpolate: 0
  m_Constraints: 0
  m_CollisionDetection: 0
--- !u!114 &-1858223162909666777
MonoBehaviour:
  m_ObjectHideFlags: 0
  m_CorrespondingSourceObject: {fileID: 0}
  m_PrefabInstance: {fileID: 0}
  m_PrefabAsset: {fileID: 0}
  m_GameObject: {fileID: 3415106561510569778}
  m_Enabled: 1
  m_EditorHideFlags: 0
  m_Script: {fileID: 11500000, guid: 397cc109c5217433ca5f78a7b003f970, type: 3}
  m_Name: 
  m_EditorClassIdentifier: 
  difficultyManager: {fileID: 11400000, guid: 822717997a92a4b6e892415ab862406b, type: 2}
  enemyAbility: {fileID: 11400000, guid: a3c15ab9d54564eeca0ff30b623b1e6a, type: 2}
  Projectile: {fileID: 6892926899893962177, guid: 2c9d354faaca54caba1ca0e990b65653,
    type: 3}
  DestructionVFX: {fileID: 2335973673540546923, guid: cd1a2778d8bd74fdf9b9829eff8f5c5b,
    type: 3}
  HitEffect: {fileID: 391406881008510831}
  shotChance: 0
  shotTimeMin: 0
  shotTimeMax: 0
--- !u!1001 &391406880989771947
PrefabInstance:
  m_ObjectHideFlags: 0
  serializedVersion: 2
  m_Modification:
    m_TransformParent: {fileID: 3415106561510927122}
    m_Modifications:
    - target: {fileID: 100004, guid: 2857e183f4cd3df4e9096e5b578bd32f, type: 3}
      propertyPath: m_Name
      value: HitEnemy
      objectReference: {fileID: 0}
    - target: {fileID: 400004, guid: 2857e183f4cd3df4e9096e5b578bd32f, type: 3}
      propertyPath: m_LocalPosition.x
      value: 0
      objectReference: {fileID: 0}
    - target: {fileID: 400004, guid: 2857e183f4cd3df4e9096e5b578bd32f, type: 3}
      propertyPath: m_LocalPosition.y
      value: 0
      objectReference: {fileID: 0}
    - target: {fileID: 400004, guid: 2857e183f4cd3df4e9096e5b578bd32f, type: 3}
      propertyPath: m_LocalPosition.z
      value: 0
      objectReference: {fileID: 0}
    - target: {fileID: 400004, guid: 2857e183f4cd3df4e9096e5b578bd32f, type: 3}
      propertyPath: m_LocalRotation.x
      value: -0
      objectReference: {fileID: 0}
    - target: {fileID: 400004, guid: 2857e183f4cd3df4e9096e5b578bd32f, type: 3}
      propertyPath: m_LocalRotation.y
      value: -0
      objectReference: {fileID: 0}
    - target: {fileID: 400004, guid: 2857e183f4cd3df4e9096e5b578bd32f, type: 3}
      propertyPath: m_LocalRotation.z
      value: -0
      objectReference: {fileID: 0}
    - target: {fileID: 400004, guid: 2857e183f4cd3df4e9096e5b578bd32f, type: 3}
      propertyPath: m_LocalRotation.w
      value: 1
      objectReference: {fileID: 0}
    - target: {fileID: 400004, guid: 2857e183f4cd3df4e9096e5b578bd32f, type: 3}
      propertyPath: m_RootOrder
      value: 0
      objectReference: {fileID: 0}
    - target: {fileID: 400004, guid: 2857e183f4cd3df4e9096e5b578bd32f, type: 3}
      propertyPath: m_LocalEulerAnglesHint.x
      value: 0
      objectReference: {fileID: 0}
    - target: {fileID: 400004, guid: 2857e183f4cd3df4e9096e5b578bd32f, type: 3}
      propertyPath: m_LocalEulerAnglesHint.y
      value: 0
      objectReference: {fileID: 0}
    - target: {fileID: 400004, guid: 2857e183f4cd3df4e9096e5b578bd32f, type: 3}
      propertyPath: m_LocalEulerAnglesHint.z
      value: 0
      objectReference: {fileID: 0}
    - target: {fileID: 19800000, guid: 2857e183f4cd3df4e9096e5b578bd32f, type: 3}
      propertyPath: playOnAwake
      value: 0
      objectReference: {fileID: 0}
    - target: {fileID: 19800002, guid: 2857e183f4cd3df4e9096e5b578bd32f, type: 3}
      propertyPath: playOnAwake
      value: 0
      objectReference: {fileID: 0}
    - target: {fileID: 19800004, guid: 2857e183f4cd3df4e9096e5b578bd32f, type: 3}
      propertyPath: playOnAwake
      value: 0
      objectReference: {fileID: 0}
    - target: {fileID: 19800008, guid: 2857e183f4cd3df4e9096e5b578bd32f, type: 3}
      propertyPath: playOnAwake
      value: 0
      objectReference: {fileID: 0}
    - target: {fileID: 19800008, guid: 2857e183f4cd3df4e9096e5b578bd32f, type: 3}
      propertyPath: InitialModule.startSizeY.minMaxState
      value: 3
      objectReference: {fileID: 0}
    - target: {fileID: 19800008, guid: 2857e183f4cd3df4e9096e5b578bd32f, type: 3}
      propertyPath: InitialModule.startSizeZ.minMaxState
      value: 3
      objectReference: {fileID: 0}
    - target: {fileID: 19800008, guid: 2857e183f4cd3df4e9096e5b578bd32f, type: 3}
      propertyPath: InitialModule.startRotationX.minMaxState
      value: 3
      objectReference: {fileID: 0}
    - target: {fileID: 19800008, guid: 2857e183f4cd3df4e9096e5b578bd32f, type: 3}
      propertyPath: InitialModule.startRotationY.minMaxState
      value: 3
      objectReference: {fileID: 0}
    m_RemovedComponents: []
  m_SourcePrefab: {fileID: 100100000, guid: 2857e183f4cd3df4e9096e5b578bd32f, type: 3}
--- !u!4 &391406880990159407 stripped
Transform:
  m_CorrespondingSourceObject: {fileID: 400004, guid: 2857e183f4cd3df4e9096e5b578bd32f,
    type: 3}
  m_PrefabInstance: {fileID: 391406880989771947}
  m_PrefabAsset: {fileID: 0}
--- !u!198 &391406881008510831 stripped
ParticleSystem:
  m_CorrespondingSourceObject: {fileID: 19800004, guid: 2857e183f4cd3df4e9096e5b578bd32f,
    type: 3}
  m_PrefabInstance: {fileID: 391406880989771947}
  m_PrefabAsset: {fileID: 0}
